@inproceedings{Hinton504,
	author = {Hinton, G.E. and Salakhutdinov, R.},
	title = {Reducing the Dimensionality of Data with Neural Networks},
	volume = {313},
	pages = {504--507},
	year = {2006},
	publisher = {American Association for the Advancement of Science},
	journal = {Science}
}

@inproceedings{Salakhutdinov2007RBM,
 author = {Salakhutdinov, R. and Mnih, A. and Hinton, G.},
 title = {Restricted Boltzmann Machines for Collaborative Filtering},
 booktitle = {Proceedings of the 24th International Conference on Machine Learning},
 year = {2007},
 pages = {791--798}
 } 

@inproceedings{pmlr-v15-coates11a,
  title = 	 {An Analysis of Single-Layer Networks in Unsupervised Feature Learning},
  author = 	 {Coates, A. and Ng, A.Y. and Lee, H.},
  booktitle = 	 {Proceedings of the Fourteenth International Conference on Artificial Intelligence and Statistics},
  pages = 	 {215--223},
  year = 	 {2011},
  volume = 	 {15}
}

@inproceedings{Larochelle2008CUD,
 author = {Larochelle, H. and Bengio, Y.},
 title = {Classification Using Discriminative Restricted Boltzmann Machines},
 booktitle = {Proceedings of the 25th International Conference on Machine Learning},
 year = {2008},
 pages = {536--543}
} 

@inproceedings{Verma2018CollaborativeFW,
  title={Collaborative Filtering with Label Consistent Restricted Boltzmann Machine},
  author={Verma, S. and Patel, P. and  Majumdar, A.},
  booktitle = {Ninth International Conference on Advances in Pattern Recognition},
  year = {2017},
  month = Dec
}

@inproceedings{Li2015ConditionalRB,
  title={Conditional Restricted Boltzmann Machines for Multi-label Learning with Incomplete Labels},
  author={Li, X. and Zhao, F. and Guo, Y.},
  booktitle={AISTATS},
  year={2015}
}

@inproceedings{kim2011unsupervised,
author = {Kim, H. and Marwah, M. and Arlitt, M. and Lyon, G. and Han, J.},
title = {Unsupervised Disaggregation of Low Frequency Power Measurements},
booktitle = {Proceedings of the 2011 SIAM International Conference on Data Mining},
pages = {747-758}
}

@inproceedings{parson2011using,
  title={Using Hidden Markov Models for Iterative Non-intrusive Appliance Monitoring},
  author={Parson, O. and Ghosh, S. and Weal, M.J. and Rogers, A.},
  year={2011}
}

@inproceedings{kolter2012approximat,
  title = 	 {Approximate Inference in Additive Factorial HMMs with Application to Energy Disaggregation},
  author = 	 {Kolter, J.Z. and Jaakkola, T.},
  booktitle = 	 {Proceedings of the Fifteenth International Conference on Artificial Intelligence and Statistics},
  pages = 	 {1472--1482},
  year = 	 {2012},
  volume = 	 {22}
}

@inproceedings{kolter2012approximate,
  title={Approximate inference in additive factorial hmms with application to energy disaggregation},
  author={Kolter, J.Z. and Jaakkola, T.},
  booktitle={Artificial Intelligence and Statistics},
  pages={1472--1482},
  year={2012}
}

% 2 Sensors survey
@inproceedings{zoha2012non,
  title={Non-intrusive load monitoring approaches for disaggregated energy sensing: A survey},
  author={Zoha, A. and Gluhak, A. and Imran, M.A. and Rajasegarar, S.},
  journal={Sensors},
  volume={12},
  pages={16838--16866},
  year={2012}
}

%3  NILM- neural network
@inproceedings{srinivasan2006neural,
  title={Neural-network-based signature recognition for harmonic source identification},
  author={Srinivasan, D. and Ng, W.S. and Liew, A.C.},
  journal={IEEE Transactions on Power Delivery},
  volume={21},
  pages={398--405},
  year={2006}
}

%4 KELLY
@inproceedings{kelly2015neural,
  title={Neural NILM: Deep neural networks applied to energy disaggregation},
  author={Kelly, J. and Knottenbelt, W.},
  booktitle={Proceedings of the 2nd ACM International Conference on Embedded Systems for Energy-Efficient Built Environments},
  pages={55--64},
  year={2015}
}
% 5 MLC book
https://books.google.co.in/books?hl=en&lr=&id=1bpEifVEi2MC&oi=fnd&pg=PA64&dq=multi+label+classification&ots=WzD68mycHC&sig=RxGTGy7hdouwvznjo3rysldE1u8#v=onepage&q=multi%20label%20classification&f=false

%6 MLC paper
@inproceedings{tabatabaei2017toward,
  title={Toward non-intrusive load monitoring via multi-label classification},
  author={Tabatabaei, S.M. and Dick, S. and Xu, W.},
  journal={IEEE Transactions on Smart Grid},
  volume={8},
  pages={26--40},
  year={2017}
}

@inproceedings{li2016whole,
  title={Whole-house Non-Intrusive Appliance Load Monitoring via multi-label classification},
  author={Li, D. and Dick, S.},
  booktitle={International Joint Conference on Neural Networks},
  pages={2749--2755},
  year={2016}
}
%7 energy usage in USA link
https://www.eia.gov/energyexplained/index.php?page=us_energy_use
%8 NILM TK
@inproceedings{batra2014nilmtk,
  title={NILMTK: an open source toolkit for non-intrusive load monitoring},
  author={Batra, N. and Kelly, J. and Parson, O. and Dutta, H. and Knottenbelt, W. and Rogers, A. and Singh, A. and Srivastava, M.},
  booktitle={Proceedings of the 5th international conference on Future energy systems},
  pages={265--276},
  year={2014}
}

% 9 REDD
@inproceedings{kolter2011redd,
  title={REDD: A public data set for energy disaggregation research},
  author={Kolter, J.Z. and Johnson, M.J.},
  booktitle={Workshop on Data Mining Applications in Sustainability (SIGKDD)},
  volume={25},
  pages={59--62},
  year={2011}
}

% 10 Event based
@inproceedings{suzuki2008nonintrusive,
  title={Nonintrusive appliance load monitoring based on integer programming},
  author={Suzuki, K. and Inagaki, S. and Suzuki, T. and Nakamura, H. and Ito, K.},
  booktitle={SICE Annual Conference},
  pages={2742--2747},
  year={2008}
}

@inproceedings{nguyen2015novel,
  title={A novel feature extraction and classification algorithm based on power components using single-point monitoring for NILM},
  author={Nguyen, M. and Alshareef, S. and Gilani, A. and Morsi, W.G.},
  booktitle={IEEE 28th Canadian Conference on Electrical and Computer Engineering},
  pages={37--40},
  year={2015}
}

% 11 LCDDL
@inproceedings{singhal2018simultaneous,
  title={Simultaneous Detection of Multiple Appliances from Smart-meter Measurements via Multi-Label Consistent Deep Dictionary Learning and Deep Transform Learning},
  author={Singhal, V. and Maggu, J. and Majumdar, A.},
  journal={IEEE Transactions on Smart Grid},
  year={2018}
}

% 12 DDSC
@inproceedings{kolter2010energy,
  title={Energy disaggregation via discriminative sparse coding},
  author={Kolter, J.Z. and Batra, S. and Ng, A.Y.},
  booktitle={Advances in Neural Information Processing Systems},
  pages={1153--1161},
  year={2010}
}

%13 Dictionary Learning

%14 Deep Dictionary Learning
@inproceedings{singh2017deep,
  title={Deep sparse coding for non-intrusive load monitoring},
  author={Singh, S. and Majumdar, A.},
  journal={IEEE Transactions on Smart Grid},
  year={2017}
}

@inproceedings{singh2017analysis,
  title={Analysis Co-Sparse Coding for Energy Disaggregation},
  author={Singh, S. and Majumdar, A.},
  journal={IEEE Transactions on Smart Grid},
  year={2017}
}



%15 Percepron step
@inproceedings{collins2002discriminative,
  title={Discriminative training methods for hidden markov models: Theory and experiments with perceptron algorithms},
  author={Collins, M.},
  booktitle={Proceedings of the conference on Empirical methods in natural language processing},
  volume={10},
  pages={1--8},
  year={2002}
}

% 16 NILM hart
@inproceedings{hart1992nonintrusive,
  title={Nonintrusive appliance load monitoring},
  author={Hart, G.W.},
  journal={Proceedings of the IEEE EPRI Information and Automation Technology Conference},
  volume={80},
  pages={1870--1891},
  year={1992}
}

%17 iterative soft thresholding
@inproceedings{donoho1995noising,
  title={De-noising by soft-thresholding},
  author={Donoho, D.L.},
  journal={IEEE transactions on Information Theory},
  volume={41},
  pages={613--627},
  year={1995}
}

%18 Neural network
@inproceedings{caruana2001overfitting,
  title={Overfitting in neural nets: Backpropagation, conjugate gradient, and early stopping},
  author={Caruana, R. and Lawrence, S. and Giles, C.L.},
  booktitle={Advances in neural information processing systems},
  pages={402--408},
  year={2001}
}

%ADMM
@inproceedings{wang2015global,
  title={Global convergence of ADMM in nonconvex nonsmooth optimization},
  author={Wang, Y. and Yin, W. and Zeng, J.},
  journal={arXiv preprint arXiv:1511.06324},
  year={2015}
}

@inproceedings{glowinski1989augmented,
  title={Augmented Lagrangian and operator-splitting methods in nonlinear mechanics},
  author={Ronald, G. and Patrick, L.T.},
  volume={9},
  year={1989},
  publisher={SIAM}
}

@inproceedings{schmidt2006single,
  title={Single-channel speech separation using sparse non-negative matrix factorization},
  author={Schmidt, M.N. and Olsson, R.K.},
  booktitle={Ninth International Conference on Spoken Language Processing},
  year={2006}
}

@inproceedings{hoyer2002non,
  title={Non-negative sparse coding},
  author={Hoyer, P.O.},
  booktitle={Proceedings of the 12th IEEE Workshop on Neural Networks for Signal Processing},
  pages={557--565},
  year={2002}
}

@inproceedings{tsoumakas2007multi,
  title={Multi-label classification: An overview},
  author={Tsoumakas, G. and Katakis, I.},
  journal={International Journal of Data Warehousing and Mining (IJDWM)},
  volume={3},
  pages={1--13},
  year={2007}
}

@MISC{dp, 
    author = {Dataport}, 
    title = {Pecan Street Dataset}, 
    year = 2014, 
    url="\url{http://www.pecanstreet.org/category/dataport/}", 
    
}


@MISC{energy_use, 
    author = {United States Energy Information Administration}, 
    title = {United States Energy Use}, 
    year = 2017, 
    url="\url{https://www.eia.gov/energyexplained/}", 
    
}

@inproceedings{zhang2005k,
  title={A k-nearest neighbor based algorithm for multi-label classification},
  author={Zhang, M.L. and Zhou, Z.H.},
  booktitle={IEEE International Conference on Granular Computing},
  volume={2},
  pages={718--721},
  year={2005}
}


@inproceedings{darby2006effectiveness,
  title={The effectiveness of feedback on energy consumption},
  author={Darby, S. and others},
  journal={A Review for DEFRA of the Literature on Metering, Billing and direct Displays},
  volume={486},
  number={2006},
  year={2006}
}



@inproceedings{tsoumakas2007random,
  title={Random k-labelsets: An ensemble method for multilabel classification},
  author={Tsoumakas, G. and Vlahavas, I.},
  booktitle={European conference on machine learning},
  pages={406--417},
  year={2007}
}

@inproceedings{bioucas2009variable,
  title={A variable splitting augmented Lagrangian approach to linear spectral unmixing},
  author={Bioucas-Dias, J.M.},
  booktitle={First Workshop on Hyperspectral Image and Signal Processing: Evolution in Remote Sensing},
  pages={1--4},
  year={2009}
}


@MISC{energy_impact, 
    author = {American Council for an Energy-Efficient Economy}, 
    title = {Research report on Saving Energy, Saving Lives: The Health Impacts of Avoiding Power Plant Pollution with Energy Efficiency}, 
    year = 2018, 
    url="\url{http://aceee.org/research-report/h1801}", 
    
}

@book{archer2012global,
  title={Global warming: understanding the forecast},
  author={Archer, D.},
  year={2012},
  publisher={John Wiley \& Sons}
}

@inproceedings{CD2002hinton,
 author = {Hinton, G.E.},
 title = {Training Products of Experts by Minimizing Contrastive Divergence},
 journal = {Neural Comput.},
 volume = {14},
 month = {August},
 year = {2002},
 pages = {1771--1800}
} 

@book{Smolensky1986,
 author = {Smolensky, P.},
 chapter = {Information Processing in Dynamical Systems: Foundations of Harmony Theory},
 title = {Parallel Distributed Processing: Explorations in the Microstructure of Cognition},
 year = {1986},
 pages = {194--281}
} 

@inproceedings{FIORE2013anomaly,
    title = {Network anomaly detection with the restricted Boltzmann machine},
    journal = {Neurocomputing},
    volume = {122},
    pages = {13--23},
    year = {2013},
    author = {Fiore, U. and Palmieri, F. and Castiglione, A. and Santis, A.D.}
}

@inproceedings{Larochelle2012,
 author = {Larochelle, H. and Mandel, M. and Pascanu, R. and Bengio, Y.},
 title = {Learning Algorithms for the Classification Restricted Boltzmann Machine},
 journal = {Jounral of Machine Learning Research},
 volume = {13},
 month = {March},
 year = {2012},
 pages = {643--669}
} 

@inproceedings{pmlr-v9-marlin10a,
  title = 	 {Inductive Principles for Restricted Boltzmann Machine Learning},
  author = 	 {Marlin, B. and Swersky, K. and Chen, B. and Freitas, N.},
  booktitle = 	 {Proceedings of the Thirteenth International Conference on Artificial Intelligence and Statistics},
  pages = 	 {509--516},
  year = 	 {2010},
  volume = 	 {9}
}

@inproceedings{paszke2017automatic,
  title={Automatic differentiation in PyTorch},
  author={Paszke, A. and Gross, S. and Chintala, S. and Chanan, G. and Yang, E. and DeVito, Z. and Lin, Z. and Desmaison, A. and Antiga, L. and Lerer, A.},
  year={2017}
}